


@Article{Frondel2024,
  author       = {Frondel, Manuel and Thiel, Patrick and Vance, Colin},
  date         = {2024},
  journaltitle = {SSRN Electronic Journal},
  title        = {Heterogeneous Pass-through over Space and Time: The Case of Germanyâ€™s Fuel Tax Discount},
  doi          = {10.2139/ssrn.4785571},
  issn         = {1556-5068},
  publisher    = {Elsevier BV},
}












